@article{Aberth1973,
	author = "O. Aberth",
	journal = "Math. Comp.",
	number = "122",
	pages = "339--344",
	title = "Iteration methods for finding all zeros of a polynomial simultaneously",
	volume = "27",
	year = "1973"
}

@book{Acton1970,
	author = "F. S. Acton",
	title = "Numerical Methods that Work",
	publisher = "Harper and Row",
	year = "1970",
	address = "New York, New York"
}

@article{Andrew1979,
	author = "A. M. Andrew",
	title = "Another efficient algorithm for convex hulls in two dimensions",
	journal ="Info. Proc. Letters",
	volume = "9",
	number = "15",
	year = "1979",
	pages = "216--219"
}

@article{Aurentz2015,
	author = "J. L. Aurentz and T. Mach and R. Vandebril and D. S. Watkins",
	title = "Fast and backward stable computation of roots of polynomials",
	journal = "SIAM J. Matrix Anal. Appl.",
	volume = "36",
	number = "3",
	year = "2015",
	pages = "942--973"
}

@article{Bini1996,
	author = "D. A. Bini",
	title = "Numerical computation of polynomial zeros by means of {A}berth's method",
	journal = "Numer. Algorithms",
	year = "1996",
	volume = "13",
	pages = "179--200"
}

@Article{Hansen1977,
	author = "Hansen, E.
	and Patrick, M.
	and Rusnak, J.",
	title = "Some modifications of Laguerre's method",
	journal = "BIT",
	year = "1977",
	volume = "17",
	number = "4",
	pages = "409--417"
}

@book{Lancaster1966,
	author = "P. Lancaster",
	title = "Lambda-Matrices and Vibrating Systems ",
	publisher = "Pergamon",
	address = "Oxford, United Kingdom",
	year = "1966",
	volume = "94",
	series = "International Series of Monographs on Pure and Applied Mathematics"
}

@article{Leuze1983,
	author = "M. R. Leuze",
	title = "A Hybrid Laguerre Method",
	journal = "BIT",
	year = "1983",
	volume = "23",
	number = "1",
	pages = "132--138"
}

@book{Ostrowski1973,
	author = "A. M. Ostrowski",
	title = "Solution of equations in Euclidean and Banach Spaces",
	edition = "3rd",
	publisher = "Academic Press",
	year = "1973",
	address = "New York, New York"
}

@article{Parlett1964,
	author = "B. Parlett",
	journal = "Math. Comp.",
	number = "87",
	pages = "464--485",
	title = "Laguerre's method applied to the matrix eigenvalue problem",
	volume = "18",
	year = "1964"
}

@article{Pellet1881,
	author = "A. E. Pellet",
	title = "Sur un mode dee s\'eparation des racines des \'equations et la formulae de Lagrande",
	journal = "Bull. Sci. Math.",
	volume = "5",
	number = "2",
	year = "1881",
	pages = "393--395"
}

@book{Petkovic2001,
	author = "Petkovi\'c, M. S. and Petkovi\'c, L. and \text{$\check{Z}$}ivkovi\'c, D.",
	title = "Laguerre-like Methods for the Simultaneous Approximation of Polynomial Zeros",
	publisher = "Springer-Verlag Wien",
	address = "New York, New York",
	year = "2001",
	volume = "15",
	series = "Alefeld, G. and Chen, X. (eds) Topics in Numerical Analysis. Computing Supplementa"
}

@article{Redish1974,
	author = "K. A. Redish",
	title = "On Laguerre's Method",
	year = "1974",
	journal = "Int. J. of Math. Educ. in Sci. and Tech.",
	pages = "91--102",
	volume = "5",
	number = "1"
}

@article{Tisseur2000,
	author = "F. Tisseur",
	title = "Backward error and condition of polynomial eigenvalue problems",
	year = "2000",
	journal = "Linear Algebra Appl.",
	pages = "339-361",
	volume = "309",
	number = "1--3"
}

@article{Walsh1924,
	author = "J. L. Walsh",
	title = "On {P}ellet's theorem concerning the roots of a polynomial",
	year = "1924",
	journal = "Ann. of Math.",
	volume = "26",
	pages = "59--64"
}

@book{Wilkinson1965,
	author = "J. H Wilkinson",
	title = "The Algebraic Eigenvalue Problem",
	publisher = "Clarendon Press",
	address = "Oxford, United Kingdom",
	year = "1965"
}